/home/garrick/Documents/School Work/Grad School/GSLIS/Dissertation/library.bib